@inproceedings{EX3,
author = {McInerney, James and Lacker, Benjamin and Hansen, Samantha and Higley, Karl and Bouchard, Hugues and Gruson, Alois and Mehrotra, Rishabh},
title = {Explore, Exploit, and Explain: Personalizing Explainable Recommendations with Bandits},
year = {2018},
isbn = {9781450359016},
publisher = {Association for Computing Machinery},
address = {New York, NY, USA},
url = {https://doi.org/10.1145/3240323.3240354},
doi = {10.1145/3240323.3240354},
booktitle = {Proceedings of the 12th ACM Conference on Recommender Systems},
pages = {31–39},
numpages = {9},
location = {Vancouver, British Columbia, Canada},
series = {RecSys '18}
}

@inproceedings{GAN,
author = {Lu, Yichao and Dong, Ruihai and Smyth, Barry},
title = {Why I like It: Multi-Task Learning for Recommendation and Explanation},
year = {2018},
isbn = {9781450359016},
publisher = {Association for Computing Machinery},
address = {New York, NY, USA},
url = {https://doi.org/10.1145/3240323.3240365},
doi = {10.1145/3240323.3240365},
booktitle = {Proceedings of the 12th ACM Conference on Recommender Systems},
pages = {4–12},
numpages = {9},
keywords = {collaborative filtering, information retrieval, natural language generation, recommender systems, personalization},
location = {Vancouver, British Columbia, Canada},
series = {RecSys '18}
}

@inproceedings{TREATMENTS,
author = {Schnabel, Tobias and Swaminathan, Adith and Singh, Ashudeep and Chandak, Navin and Joachims, Thorsten},
title = {Recommendations as Treatments: Debiasing Learning and Evaluation},
year = {2016},
publisher = {JMLR.org},
pages = {1670–1679},
numpages = {10},
location = {New York, NY, USA},
series = {ICML'16}
}

@inproceedings{P5,
author = {Geng, Shijie and Liu, Shuchang and Fu, Zuohui and Ge, Yingqiang and Zhang, Yongfeng},
title = {Recommendation as Language Processing (RLP): A Unified Pretrain, Personalized Prompt and Predict Paradigm (P5)},
year = {2022},
isbn = {9781450392785},
publisher = {Association for Computing Machinery},
address = {New York, NY, USA},
url = {https://doi.org/10.1145/3523227.3546767},
doi = {10.1145/3523227.3546767},
booktitle = {Proceedings of the 16th ACM Conference on Recommender Systems},
pages = {299–315},
numpages = {17},
keywords = {Natural Language Processing, Language Modeling, Recommender Systems, Unified Model, Multitask Learning, Personalized Prompt},
location = {Seattle, WA, USA},
series = {RecSys '22}
} 

@inproceedings{YT,
author = {Zhao, Zhe and Hong, Lichan and Wei, Li and Chen, Jilin and Nath, Aniruddh and Andrews, Shawn and Kumthekar, Aditee and Sathiamoorthy, Maheswaran and Yi, Xinyang and Chi, Ed},
title = {Recommending What Video to Watch next: A Multitask Ranking System},
year = {2019},
isbn = {9781450362436},
publisher = {Association for Computing Machinery},
address = {New York, NY, USA},
url = {https://doi.org/10.1145/3298689.3346997},
doi = {10.1145/3298689.3346997},
booktitle = {Proceedings of the 13th ACM Conference on Recommender Systems},
pages = {43–51},
numpages = {9},
keywords = {selection bias, recommendation and ranking, multitask learning},
location = {Copenhagen, Denmark},
series = {RecSys '19}
}

@proceedings{YT2,
title	= {Sampling-Bias-Corrected Neural Modeling for Large Corpus Item Recommendations},
editor	= {Xinyang Yi and Ji Yang and Lichan Hong and Derek Zhiyuan Cheng and Lukasz Heldt and Aditee Ajit Kumthekar and Zhe Zhao and Li Wei and Ed Chi},
year	= {2019},
booktitle	= {RecSys 2019}
}

@inproceedings{YT3,
title	= {Mixed Negative Sampling for Learning Two-tower Neural Networks in Recommendations},
author	= {Ji Yang and Xinyang Yi and Derek Zhiyuan Cheng and Lichan Hong and Yang Li and Simon Wang and Taibai Xu and Ed H. Chi},
year	= {2020}
}

@misc{BIAS,
      title={Bias and Debias in Recommender System: A Survey and Future Directions}, 
      author={Jiawei Chen and Hande Dong and Xiang Wang and Fuli Feng and Meng Wang and Xiangnan He},
      year={2021},
      eprint={2010.03240},
      archivePrefix={arXiv},
      primaryClass={cs.IR},
      url={https://arxiv.org/abs/2010.03240}, 
}
