@article{zhai2024actions,
  title={Actions speak louder than words: Trillion-parameter sequential transducers for generative recommendations},
  author={Zhai, Jiaqi and Liao, Lucy and Liu, Xing and Wang, Yueming and Li, Rui and Cao, Xuan and Gao, Leon and Gong, Zhaojie and Gu, Fangda and He, Michael and others},
  journal={arXiv preprint arXiv:2402.17152},
  year={2024}
}

@inproceedings{singh2024better,
  title={Better generalization with semantic ids: A case study in ranking for recommendations},
  author={Singh, Anima and Vu, Trung and Mehta, Nikhil and Keshavan, Raghunandan and Sathiamoorthy, Maheswaran and Zheng, Yilin and Hong, Lichan and Heldt, Lukasz and Wei, Li and Tandon, Devansh and others},
  booktitle={Proceedings of the 18th ACM Conference on Recommender Systems},
  pages={1039--1044},
  year={2024}
}

@inproceedings{zhang2024scaling,
  title={Scaling law of large sequential recommendation models},
  author={Zhang, Gaowei and Hou, Yupeng and Lu, Hongyu and Chen, Yu and Zhao, Wayne Xin and Wen, Ji-Rong},
  booktitle={Proceedings of the 18th ACM Conference on Recommender Systems},
  pages={444--453},
  year={2024}
}

@article{rajput2023recommender,
  title={Recommender systems with generative retrieval},
  author={Rajput, Shashank and Mehta, Nikhil and Singh, Anima and Hulikal Keshavan, Raghunandan and Vu, Trung and Heldt, Lukasz and Hong, Lichan and Tay, Yi and Tran, Vinh and Samost, Jonah and others},
  journal={Advances in Neural Information Processing Systems},
  volume={36},
  pages={10299--10315},
  year={2023}
}

@article{ye2025fuxi,
  title={FuXi-alpha : Scaling Recommendation Model with Feature Interaction Enhanced Transformer},
  author={Ye, Yufei and Guo, Wei and Chin, Jin Yao and Wang, Hao and Zhu, Hong and Lin, Xi and Ye, Yuyang and Liu, Yong and Tang, Ruiming and Lian, Defu and others},
  journal={arXiv preprint arXiv:2502.03036},
  year={2025}
}

@article{firooz2025360brew,
  title={360brew: A decoder-only foundation model for personalized ranking and recommendation},
  author={Firooz, Hamed and Sanjabi, Maziar and Englhardt, Adrian and Gupta, Aman and Levine, Ben and Olgiati, Dre and Polatkan, Gungor and Melnychuk, Iuliia and Ramgopal, Karthik and Talanine, Kirill and others},
  journal={arXiv preprint arXiv:2501.16450},
  year={2025}
}

@article{naumov2019deep,
  title={Deep learning recommendation model for personalization and recommendation systems},
  author={Naumov, Maxim and Mudigere, Dheevatsa and Shi, Hao-Jun Michael and Huang, Jianyu and Sundaraman, Narayanan and Park, Jongsoo and Wang, Xiaodong and Gupta, Udit and Wu, Carole-Jean and Azzolini, Alisson G and others},
  journal={arXiv preprint arXiv:1906.00091},
  year={2019}
}